@book{grus:2015,
	title = {Data Science from Scratch},
	author = {Grus, Joel},
	publisher = {O'Reilly Media}
}

